%% This BibTeX bibliography file was created using BibDesk.
%% http://bibdesk.sourceforge.net/

@article{russakovsky2015imagenet,
  title={Imagenet large scale visual recognition challenge},
  author={Russakovsky, Olga and Deng, Jia and Su, Hao and Krause, Jonathan and Satheesh, Sanjeev and Ma, Sean and Huang, Zhiheng and Karpathy, Andrej and Khosla, Aditya and Bernstein, Michael and others},
  journal={International Journal of Computer Vision},
  volume={115},
  number={3},
  pages={211--252},
  year={2015},
  publisher={Springer}
}

@article{simonyan2014very,
  title={Very deep convolutional networks for large-scale image recognition},
  author={Simonyan, Karen and Zisserman, Andrew},
  journal={arXiv preprint arXiv:1409.1556},
  year={2014}
}

@article{hu1962visual,
  title={Visual pattern recognition by moment invariants},
  author={Hu, Ming-Kuei},
  journal={IRE transactions on information theory},
  volume={8},
  number={2},
  pages={179--187},
  year={1962},
  publisher={IEEE}
}

@article{gonzalez2002digital,
  title={Digital Image Processing Publishing house of electronics industry},
  author={Gonzalez, Rafael C and Woods, Richard E},
  journal={Beijing, China},
  pages={262},
  year={2002}
}

@article{graham2014spatially,
  title={Spatially-sparse convolutional neural networks},
  author={Graham, Benjamin},
  journal={arXiv preprint arXiv:1409.6070},
  year={2014}
}

@misc{kagWhale,
  title = {Kaggle - Right Whale Competition - 1st Place Solution},
  howpublished = {\url{http://blog.kaggle.com/2016/01/29/noaa-right-whale-recognition-winners-interview-1st-place-deepsense-io/}},
  note = {Accessed: 2016-12-05}
}


@inproceedings{maturana2015voxnet,
  title={Voxnet: A 3d convolutional neural network for real-time object recognition},
  author={Maturana, Daniel and Scherer, Sebastian},
  booktitle={Intelligent Robots and Systems (IROS), 2015 IEEE/RSJ International Conference on},
  pages={922--928},
  year={2015},
  organization={IEEE}
}

@inproceedings{tran2015learning,
  title={Learning spatiotemporal features with 3d convolutional networks},
  author={Tran, Du and Bourdev, Lubomir and Fergus, Rob and Torresani, Lorenzo and Paluri, Manohar},
  booktitle={2015 IEEE International Conference on Computer Vision (ICCV)},
  pages={4489--4497},
  year={2015},
  organization={IEEE}
}

@article{ji20133d,
  title={3D convolutional neural networks for human action recognition},
  author={Ji, Shuiwang and Xu, Wei and Yang, Ming and Yu, Kai},
  journal={IEEE transactions on pattern analysis and machine intelligence},
  volume={35},
  number={1},
  pages={221--231},
  year={2013},
  publisher={IEEE}
}

@article{clevert2015fast,
  title={Fast and accurate deep network learning by exponential linear units (elus)},
  author={Clevert, Djork-Arn{\'e} and Unterthiner, Thomas and Hochreiter, Sepp},
  journal={arXiv preprint arXiv:1511.07289},
  year={2015}
}

@article{springenberg2014striving,
  title={Striving for simplicity: The all convolutional net},
  author={Springenberg, Jost Tobias and Dosovitskiy, Alexey and Brox, Thomas and Riedmiller, Martin},
  journal={arXiv preprint arXiv:1412.6806},
  year={2014}
}

@inproceedings{hong2015decoupled,
  title={Decoupled deep neural network for semi-supervised semantic segmentation},
  author={Hong, Seunghoon and Noh, Hyeonwoo and Han, Bohyung},
  booktitle={Advances in Neural Information Processing Systems},
  pages={1495--1503},
  year={2015}
}

@incollection{zhu2011semi,
  title={Semi-supervised learning},
  author={Zhu, Xiaojin},
  booktitle={Encyclopedia of machine learning},
  pages={892--897},
  year={2011},
  publisher={Springer}
}

@article{weinstein2015motionmeerkat,
  title={MotionMeerkat: integrating motion video detection and ecological monitoring},
  author={Weinstein, Ben G},
  journal={Methods in Ecology and Evolution},
  volume={6},
  number={3},
  pages={357--362},
  year={2015},
  publisher={Wiley Online Library}
}

@article{yu2013automated,
  title={Automated identification of animal species in camera trap images},
  author={Yu, Xiaoyuan and Wang, Jiangping and Kays, Roland and Jansen, Patrick A and Wang, Tianjiang and Huang, Thomas},
  journal={EURASIP Journal on Image and Video Processing},
  volume={2013},
  number={1},
  pages={1},
  year={2013},
  publisher={Springer International Publishing}
}

@inproceedings{ronneberger2015u,
  title={U-net: Convolutional networks for biomedical image segmentation},
  author={Ronneberger, Olaf and Fischer, Philipp and Brox, Thomas},
  booktitle={International Conference on Medical Image Computing and Computer-Assisted Intervention},
  pages={234--241},
  year={2015},
  organization={Springer}
}

@inproceedings{taigman2014deepface,
  title={Deepface: Closing the gap to human-level performance in face verification},
  author={Taigman, Yaniv and Yang, Ming and Ranzato, Marc'Aurelio and Wolf, Lior},
  booktitle={Proceedings of the IEEE Conference on Computer Vision and Pattern Recognition},
  pages={1701--1708},
  year={2014}
}

@article{buckland2001introduction,
  title={Introduction to distance sampling estimating abundance of biological populations.},
  author={Buckland, Stephen T and Anderson, David R and Burnham, Kenneth P and Laake, Jeff L and Borchers, David L and Thomas, Len},
  year={2001},
  publisher={Oxford University Press.}
}

@inproceedings{van2014nature,
  title={Nature conservation drones for automatic localization and counting of animals},
  author={van Gemert, Jan C and Verschoor, Camiel R and Mettes, Pascal and Epema, Kitso and Koh, Lian Pin and Wich, Serge},
  booktitle={Workshop at the European Conference on Computer Vision},
  pages={255--270},
  year={2014},
  organization={Springer}
}

@article{martin2012estimating,
  title={Estimating distribution of hidden objects with drones: From tennis balls to manatees},
  author={Martin, Julien and Edwards, Holly H and Burgess, Matthew A and Percival, H Franklin and Fagan, Daniel E and Gardner, Beth E and Ortega-Ortiz, Joel G and Ifju, Peter G and Evers, Brandon S and Rambo, Thomas J},
  journal={PLoS One},
  volume={7},
  number={6},
  pages={e38882},
  year={2012},
  publisher={Public Library of Science}
}
@article{koh2012dawn,
  title={Dawn of drone ecology: low-cost autonomous aerial vehicles for conservation},
  author={Koh, L and Wich, S},
  year={2012},
  publisher={Mongabay. com}
}

@misc{tensorflow2015-whitepaper,
title={{TensorFlow}: Large-Scale Machine Learning on Heterogeneous Systems},
url={http://tensorflow.org/},
note={Software available from tensorflow.org},
author={
    Mart\'{\i}n~Abadi and
    Ashish~Agarwal and
    Paul~Barham and
    Eugene~Brevdo and
    Zhifeng~Chen and
    Craig~Citro and
    Greg~S.~Corrado and
    Andy~Davis and
    Jeffrey~Dean and
    Matthieu~Devin and
    Sanjay~Ghemawat and
    Ian~Goodfellow and
    Andrew~Harp and
    Geoffrey~Irving and
    Michael~Isard and
    Yangqing Jia and
    Rafal~Jozefowicz and
    Lukasz~Kaiser and
    Manjunath~Kudlur and
    Josh~Levenberg and
    Dan~Man\'{e} and
    Rajat~Monga and
    Sherry~Moore and
    Derek~Murray and
    Chris~Olah and
    Mike~Schuster and
    Jonathon~Shlens and
    Benoit~Steiner and
    Ilya~Sutskever and
    Kunal~Talwar and
    Paul~Tucker and
    Vincent~Vanhoucke and
    Vijay~Vasudevan and
    Fernanda~Vi\'{e}gas and
    Oriol~Vinyals and
    Pete~Warden and
    Martin~Wattenberg and
    Martin~Wicke and
    Yuan~Yu and
    Xiaoqiang~Zheng},
  year={2015},
}
@inproceedings{long2015fully,
  title={Fully convolutional networks for semantic segmentation},
  author={Long, Jonathan and Shelhamer, Evan and Darrell, Trevor},
  booktitle={Proceedings of the IEEE Conference on Computer Vision and Pattern Recognition},
  pages={3431--3440},
  year={2015}
}
@inproceedings{noh2015learning,
  title={Learning deconvolution network for semantic segmentation},
  author={Noh, Hyeonwoo and Hong, Seunghoon and Han, Bohyung},
  booktitle={Proceedings of the IEEE International Conference on Computer Vision},
  pages={1520--1528},
  year={2015}
}

%% Created for Matt Smith at 2016-04-14 10:12:31 +0100 
@article{sorensen1948method,
  title={$\{$A method of establishing groups of equal amplitude in plant sociology based on similarity of species and its application to analyses of the vegetation on Danish commons$\}$},
  author={S{\o}rensen, Thorvald},
  journal={Biol. Skr.},
  volume={5},
  pages={1--34},
  year={1948}
}

%% Saved with string encoding Unicode (UTF-8)

@inproceedings{taigman2014deepface,
  title={Deepface: Closing the gap to human-level performance in face verification},
  author={Taigman, Yaniv and Yang, Ming and Ranzato, Marc'Aurelio and Wolf, Lior},
  booktitle={Proceedings of the IEEE Conference on Computer Vision and Pattern Recognition},
  pages={1701--1708},
  year={2014}
}

@article{ji20133d,
  title={3D convolutional neural networks for human action recognition},
  author={Ji, Shuiwang and Xu, Wei and Yang, Ming and Yu, Kai},
  journal={Pattern Analysis and Machine Intelligence, IEEE Transactions on},
  volume={35},
  number={1},
  pages={221--231},
  year={2013},
  publisher={IEEE}
}

@article{kline2005revisiting,
  title={Revisiting squared-error and cross-entropy functions for training neural network classifiers},
  author={Kline, Douglas M and Berardi, Victor L},
  journal={Neural Computing \& Applications},
  volume={14},
  number={4},
  pages={310--318},
  year={2005},
  publisher={Springer}
}

@inproceedings{golik2013cross,
  title={Cross-entropy vs. squared error training: a theoretical and experimental comparison.},
  author={Golik, Pavel and Doetsch, Patrick and Ney, Hermann},
  booktitle={INTERSPEECH},
  pages={1756--1760},
  year={2013}
}

@article{kohavi1998glossary,
  title={Glossary of terms},
  author={Kohavi, Ron and Provost, Foster},
  journal={Machine Learning},
  volume={30},
  number={2-3},
  pages={271--274},
  year={1998}
}

@article{geman1992neural,
  title={Neural networks and the bias/variance dilemma},
  author={Geman, Stuart and Bienenstock, Elie and Doursat, Ren{\'e}},
  journal={Neural computation},
  volume={4},
  number={1},
  pages={1--58},
  year={1992},
  publisher={MIT Press}
}

@article{csaji2001approximation,
  title={Approximation with artificial neural networks},
  author={Cs{\'a}ji, Bal{\'a}zs Csan{\'a}d},
  journal={Faculty of Sciences, Etvs Lornd University, Hungary},
  volume={24},
  pages={48},
  year={2001},
  publisher={Citeseer}
}

@article{mitchell1997machine,
  title={Machine learning},
  author={Mitchell, Thomas M},
  journal={Boston et al},
  year={1997}
} 

@inproceedings{vedaldi2015matconvnet,
  title={MatConvNet: Convolutional neural networks for matlab},
  author={Vedaldi, Andrea and Lenc, Karel},
  booktitle={Proceedings of the 23rd Annual ACM Conference on Multimedia Conference},
  pages={689--692},
  year={2015},
  organization={ACM}
}

@misc{fb,
  author = {Vagata, Pamela},
  title = {Scaling The Facebook Data Warehouse To 300 PB},
  howpublished = {\url{https://code.facebook.com/posts/229861827208629/scaling-the-facebook-data-warehouse-to-300-pb/}}
}

@inproceedings{teng2010medical,
  title={A medical image archive solution in the cloud},
  author={Teng, Chia-Chi and Mitchell, Jonathan and Walker, Christopher and Swan, Alex and Davila, Cesar and Howard, David and Needham, Travis},
  booktitle={Software Engineering and Service Sciences (ICSESS), 2010 IEEE International Conference on},
  pages={431--434},
  year={2010},
  organization={IEEE}
}

@book{mayer2013big,
  title={Big data: A revolution that will transform how we live, work, and think},
  author={Mayer-Sch{\"o}nberger, Viktor and Cukier, Kenneth},
  year={2013},
  publisher={Houghton Mifflin Harcourt}
}

@article{mcafee2012big,
  title={Big data},
  author={McAfee, Andrew and Brynjolfsson, Erik and Davenport, Thomas H and Patil, DJ and Barton, Dominic},
  journal={The management revolution. Harvard Bus Rev},
  volume={90},
  number={10},
  pages={61--67},
  year={2012}
}

@misc{roberto2009template,
  title={Template Matching Techniques In Computer Vision},
  author={Roberto, Brunelli},
  year={2009},
  publisher={John Willey \& Sons. Inc}
}

@article{samet1988,
  title={Efficient component labeling of images of arbitrary dimension represented by linear bintrees},
  author={Samet, Hanan and Tamminen, Markku},
  journal={Pattern Analysis and Machine Intelligence, IEEE Transactions on},
  volume={10},
  number={4},
  pages={579--586},
  year={1988},
  publisher={IEEE}
}

@Misc{scipy,
  author =    {Eric Jones and Travis Oliphant and Pearu Peterson and others},
  title =     {{SciPy}: Open source scientific tools for {Python}},
  year =      {2001--},
  url = "http://www.scipy.org/",
  note = {[Online; accessed 2016-06-06]}
}

@article{opencv_library,
    author = {Bradski, G.},
    citeulike-article-id = {2236121},
    journal = {Dr. Dobb's Journal of Software Tools},
    keywords = {bibtex-import},
    posted-at = {2008-01-15 19:21:54},
    priority = {4},
    title = openCV,
    year = {2000}
}

@article{srivastava2014dropout,
  title={Dropout: A simple way to prevent neural networks from overfitting},
  author={Srivastava, Nitish and Hinton, Geoffrey and Krizhevsky, Alex and Sutskever, Ilya and Salakhutdinov, Ruslan},
  journal={The Journal of Machine Learning Research},
  volume={15},
  number={1},
  pages={1929--1958},
  year={2014},
  publisher={JMLR. org}
}

@inproceedings{giles2001overfitting,
  title={Overfitting in Neural Nets: Backpropagation, Conjugate Gradient, and Early Stopping},
  author={Giles, Rich Caruana Steve Lawrence Lee},
  booktitle={Advances in Neural Information Processing Systems 13: Proceedings of the 2000 Conference},
  volume={13},
  pages={402},
  year={2001},
  organization={MIT Press}
}

@inproceedings{glorot2010understanding,
  title={Understanding the difficulty of training deep feedforward neural networks},
  author={Glorot, Xavier and Bengio, Yoshua},
  booktitle={International conference on artificial intelligence and statistics},
  pages={249--256},
  year={2010}
}

@inproceedings{nair2010rectified,
  title={Rectified linear units improve restricted boltzmann machines},
  author={Nair, Vinod and Hinton, Geoffrey E},
  booktitle={Proceedings of the 27th International Conference on Machine Learning (ICML-10)},
  pages={807--814},
  year={2010}
}

@unpublished{Goodfellow-et-al-2016-Book,
    title={Deep Learning},
    author={Ian Goodfellow Yoshua Bengio and Aaron Courville},
    note={Book in preparation for MIT Press},
    url={http://www.deeplearningbook.org},
    year={2016}
}

@article{auer2008learning,
  title={A learning rule for very simple universal approximators consisting of a single layer of perceptrons},
  author={Auer, Peter and Burgsteiner, Harald and Maass, Wolfgang},
  journal={Neural Networks},
  volume={21},
  number={5},
  pages={786--795},
  year={2008},
  publisher={Elsevier}
}

@misc{camBD,
  author = {Carola-Bibiane Schönlieb},
  title = {Cambridge Big Data},
  howpublished = {\url{http://www.bigdata.cam.ac.uk/directory/research-themes/imaging}}
}

@article{goode2013openslide,
  title={OpenSlide: A vendor-neutral software foundation for digital pathology},
  author={Goode, Adam and Gilbert, Benjamin and Harkes, Jan and Jukic, Drazen and Satyanarayanan, Mahadev and others},
  journal={Journal of pathology informatics},
  volume={4},
  number={1},
  pages={27},
  year={2013},
  publisher={Medknow Publications}
}

@article{rakha2014updated,
  title={Updated UK Recommendations for HER2 assessment in breast cancer},
  author={Rakha, Emad A and Pinder, Sarah E and Bartlett, John MS and Ibrahim, Merdol and Starczynski, Jane and Carder, Pauline J and Provenzano, Elena and Hanby, Andrew and Hales, Sally and Lee, Andrew HS and others},
  journal={Journal of clinical pathology},
  pages={jclinpath--2014},
  year={2014},
  publisher={BMJ Publishing Group Ltd and Association of Clinical Pathologists}
}

@article{he2015deep,
  title={Deep Residual Learning for Image Recognition},
  author={He, Kaiming and Zhang, Xiangyu and Ren, Shaoqing and Sun, Jian},
  journal={arXiv preprint arXiv:1512.03385},
  year={2015}
}

@article{houpatch,
  title={Patch-based Convolutional Neural Network for Whole Slide Tissue Image Classification},
  author={Hou, Le and Samaras, Dimitris and Kurc, Tahsin M and Gao, Yi and Davis, James E and Saltz, Joel H}
}

@article{ioffe2015batch,
  title={Batch normalization: Accelerating deep network training by reducing internal covariate shift},
  author={Ioffe, Sergey and Szegedy, Christian},
  journal={arXiv preprint arXiv:1502.03167},
  year={2015}
}

@misc{Nobody06,
	Author = {Nobody Jr},
	Title = {My Article},
	Year = {2006}}

@inproceedings{zeiler2010deconvolutional,
	Author = {Zeiler, Matthew D and Krishnan, Dilip and Taylor, Graham W and Fergus, Rob},
	Booktitle = {Computer Vision and Pattern Recognition (CVPR), 2010 IEEE Conference on},
	Organization = {IEEE},
	Pages = {2528--2535},
	Title = {Deconvolutional networks},
	Year = {2010}}

@article{lecun2015deep,
	Author = {LeCun, Yann and Bengio, Yoshua and Hinton, Geoffrey},
	Journal = {Nature},
	Number = {7553},
	Pages = {436--444},
	Publisher = {Nature Publishing Group},
	Title = {Deep learning},
	Volume = {521},
	Year = {2015}}

@article{hastie2005elements,
	Author = {Hastie, Trevor and Tibshirani, Robert and Friedman, Jerome and Franklin, James},
	Journal = {The Mathematical Intelligencer},
	Number = {2},
	Pages = {83--85},
	Publisher = {Springer},
	Title = {The elements of statistical learning: data mining, inference and prediction},
	Volume = {27},
	Year = {2005}}

@inproceedings{ciresan2012multi,
	Author = {Ciresan, Dan and Meier, Ueli and Schmidhuber, J{\"u}rgen},
	Booktitle = {Computer Vision and Pattern Recognition (CVPR), 2012 IEEE Conference on},
	Organization = {IEEE},
	Pages = {3642--3649},
	Title = {Multi-column deep neural networks for image classification},
	Year = {2012}}

@article{domingos2012few,
	Author = {Domingos, Pedro},
	Journal = {Communications of the ACM},
	Number = {10},
	Pages = {78--87},
	Publisher = {ACM},
	Title = {A few useful things to know about machine learning},
	Volume = {55},
	Year = {2012}}
	
@inproceedings{boureau2010theoretical,
  title={A theoretical analysis of feature pooling in visual recognition},
  author={Boureau, Y-Lan and Ponce, Jean and LeCun, Yann},
  booktitle={Proceedings of the 27th international conference on machine learning (ICML-10)},
  pages={111--118},
  year={2010}}

@article{fukushima1980neocognitron,
	Author = {Fukushima, Kunihiko},
	Journal = {Biological cybernetics},
	Number = {4},
	Pages = {193--202},
	Publisher = {Springer},
	Title = {Neocognitron: A self-organizing neural network model for a mechanism of pattern recognition unaffected by shift in position},
	Volume = {36},
	Year = {1980}}

@article{lecun1998gradient,
	Author = {LeCun, Yann and Bottou, L{\'e}on and Bengio, Yoshua and Haffner, Patrick},
	Journal = {Proceedings of the IEEE},
	Number = {11},
	Pages = {2278--2324},
	Publisher = {IEEE},
	Title = {Gradient-based learning applied to document recognition},
	Volume = {86},
	Year = {1998}}

@article{lecun1995convolutional,
	Author = {LeCun, Yann and Bengio, Yoshua},
	Journal = {The handbook of brain theory and neural networks},
	Number = {10},
	Pages = {1995},
	Title = {Convolutional networks for images, speech, and time series},
	Volume = {3361},
	Year = {1995}}

@book{bellman2015adaptive,
	Author = {Bellman, Richard E},
	Publisher = {Princeton university press},
	Title = {Adaptive control processes: a guided tour},
	Year = {2015}}

@inproceedings{krizhevsky2012imagenet,
  title={Imagenet classification with deep convolutional neural networks},
  author={Krizhevsky, Alex and Sutskever, Ilya and Hinton, Geoffrey E},
  booktitle={Advances in neural information processing systems},
  pages={1097--1105},
  year={2012}
}

@article{abraham2011reduced,
  title={Reduced lung cancer mortality with low-dose computed tomographic screening},
  author={Abraham, Jame},
  journal={Community Oncology},
  volume={8},
  number={10},
  pages={441--442},
  year={2011},
  publisher={Elsevier}
}
@misc{w1st,
title = {No Free Hunch. (2016). NOAA Right Whale Recognition, Winners' Interview: 1st place, deepsense.io.},
howpublished = {\url{http://blog.kaggle.com/2016/01/29/noaa-right-whale-recognition-winners-interview-1st-place-deepsense-io/}},
note ={accessed Januaray 2017}
}

@inproceedings{girshick2015fast,
  title={Fast r-cnn},
  author={Girshick, Ross},
  booktitle={Proceedings of the IEEE International Conference on Computer Vision},
  pages={1440--1448},
  year={2015}
}

@article{sermanet2013overfeat,
  title={Overfeat: Integrated recognition, localization and detection using convolutional networks},
  author={Sermanet, Pierre and Eigen, David and Zhang, Xiang and Mathieu, Micha{\"e}l and Fergus, Rob and LeCun, Yann},
  journal={arXiv preprint arXiv:1312.6229},
  year={2013}
}

@inproceedings{girshick2014rich,
  title={Rich feature hierarchies for accurate object detection and semantic segmentation},
  author={Girshick, Ross and Donahue, Jeff and Darrell, Trevor and Malik, Jitendra},
  booktitle={Proceedings of the IEEE conference on computer vision and pattern recognition},
  pages={580--587},
  year={2014}
}

@article{mishkin2015all,
  title={All you need is a good init},
  author={Mishkin, Dmytro and Matas, Jiri},
  journal={arXiv preprint arXiv:1511.06422},
  year={2015}
}


@article{jacobs2014automatic,
  title={Automatic detection of subsolid pulmonary nodules in thoracic computed tomography images},
  author={Jacobs, Colin and van Rikxoort, Eva M and Twellmann, Thorsten and Scholten, Ernst Th and de Jong, Pim A and Kuhnigk, Jan-Martin and Oudkerk, Matthijs and de Koning, Harry J and Prokop, Mathias and Schaefer-Prokop, Cornelia and others},
  journal={Medical image analysis},
  volume={18},
  number={2},
  pages={374--384},
  year={2014},
  publisher={Elsevier}
}

@article{setio2015automatic,
  title={Automatic detection of large pulmonary solid nodules in thoracic CT images},
  author={Setio, Arnaud AA and Jacobs, Colin and Gelderblom, Jaap and van Ginneken, Bram},
  journal={Medical physics},
  volume={42},
  number={10},
  pages={5642--5653},
  year={2015},
  publisher={American Association of Physicists in Medicine}
}

@inproceedings{collobert2011torch7,
  title={Torch7: A matlab-like environment for machine learning},
  author={Collobert, Ronan and Kavukcuoglu, Koray and Farabet, Cl{\'e}ment},
  booktitle={BigLearn, NIPS Workshop},
  number={EPFL-CONF-192376},
  year={2011}
}

@article{graham2014fractional,
  title={Fractional max-pooling},
  author={Graham, Benjamin},
  journal={arXiv preprint arXiv:1412.6071},
  year={2014}
}

@article{bourke1999interpolation,
  title={Interpolation methods},
  author={Bourke, Paul},
  journal={Retrieved July},
  volume={20},
  pages={2011},
  year={1999}
}

@article{coltuc2006exact,
  title={Exact histogram specification},
  author={Coltuc, Dinu and Bolon, Philippe and Chassery, J-M},
  journal={IEEE Transactions on Image Processing},
  volume={15},
  number={5},
  pages={1143--1152},
  year={2006},
  publisher={IEEE}
}

@incollection{lecun2012efficient,
  title={Efficient backprop},
  author={LeCun, Yann A and Bottou, L{\'e}on and Orr, Genevieve B and M{\"u}ller, Klaus-Robert},
  booktitle={Neural networks: Tricks of the trade},
  pages={9--48},
  year={2012},
  publisher={Springer}
}

@article{kingma2014adam,
  title={Adam: A method for stochastic optimization},
  author={Kingma, Diederik and Ba, Jimmy},
  journal={arXiv preprint arXiv:1412.6980},
  year={2014}
}
@misc{ozols2009generate,
  title={How to generate a random unitary matrix},
  author={Ozols, Maris},
  year={2009}
}

@techreport{Rossum:1995:PRM:869369,
 author = {Rossum, Guido},
 title = {Python Reference Manual},
 year = {1995},
 source = {http://www.ncstrl.org:8900/ncstrl/servlet/search?formname=detail\&id=oai%3Ancstrlh%3Aercim_cwi%3Aercim.cwi%2F%2FCS-R9525},
 publisher = {CWI (Centre for Mathematics and Computer Science)},
 address = {Amsterdam, The Netherlands, The Netherlands},
} 

